% Nova bibliografia 
% No Mendeley, copiar como BibTex Entry
