% Nova bibliografia 
% No Mendeley, copiar como BibTex Entry
@article{Soares2013a,
author = {Soares, Rafael de P. and Gerber, Renan P},
issn = {0888-5885},
journal = {Industrial {\&} Engineering Chemistry Research},
mendeley-groups = {Solubility},
month = {aug},
number = {32},
pages = {11159--11171},
title = {{Functional-Segment Activity Coefficient Model. 1. Model Formulation}},
volume = {52},
year = {2013}
}

@article{Soares2013b,
author = {Soares, Rafael De P. and Gerber, Renan P. and Possani, Luiz F. K. and Staudt, Paula B.},
issn = {0888-5885},
journal = {Industrial {\&} Engineering Chemistry Research},
mendeley-groups = {Solubility},
month = {aug},
number = {32},
pages = {11172--11181},
title = {{Functional-Segment Activity Coefficient Model. 2. Associating Mixtures}},
volume = {52},
year = {2013}
}

@article{Flores2016,
author = {Fl{\^{o}}res, G.B. and Staudt, P.B. and Soares, Rafael De Pelegrini},
issn = {03783812},
journal = {Fluid Phase Equilibria},
keywords = {activity coefficient,dispersion,excess enthalpy,f-sac,heat of vaporization},
month = {mar},
pages = {10--11},
publisher = {Elsevier Ltd},
title = {{Including dispersive interactions in the F--SAC model}},
year = {2016}
}

@article{Possani2013,
author = {Possani, L.F.K. and Fl{\^{o}}res, G.B. and Staudt, P.B. and {de P. Soares}, R.},
issn = {03783812},
journal = {Fluid Phase Equilibria},
keywords = {cosmo-rs,cosmo-sac,f-sac,lle,nfm,unifac,vle},
month = {feb},
pages = {31--41},
title = {{Simultaneous correlation of infinite dilution activity coefficient, vapor--liquid, and liquid--liquid equilibrium data with F-SAC}},
volume = {364},
year = {2014}
}

@article{Larkin1975,
author = {Larkin, J.A},
issn = {00219614},
journal = {The Journal of Chemical Thermodynamics},
mendeley-groups = {EtOH{\_}H2O},
month = {feb},
number = {2},
pages = {137--148},
title = {{Thermodynamic properties of aqueous non-electrolyte mixtures I. Excess enthalpy for water + ethanol at 298.15 to 383.15 K}},
volume = {7},
year = {1975}
}
@article{Barr-David1959,
author = {Barr-David, Frank and Dodge, Barnett F.},
issn = {0021-9568},
journal = {Journal of Chemical {\&} Engineering Data},
mendeley-groups = {EtOH{\_}H2O},
month = {apr},
number = {2},
pages = {107--121},
title = {{Vapor-Liquid Equilibrium at High Pressures. The Systems Ethanol-Water and 2-Propanol-Water.}},
volume = {4},
year = {1959}
}
@article{Boyne1967,
author = {Boyne, J. A. and Williamson, Arthur Gordon},
issn = {0021-9568},
journal = {Journal of Chemical {\&} Engineering Data},
mendeley-groups = {EtOH{\_}H2O},
month = {jul},
number = {3},
pages = {318--318},
title = {{Enthalpies of mixture of ethanol and water at 25.degree.C}},
volume = {12},
year = {1967}
}
@article{Voutsas2011,
author = {Voutsas, Epaminondas C. and Pamouktsis, Christos and Argyris, Dimitrios and Pappa, Georgia D.},
isbn = {0378-3812},
issn = {03783812},
journal = {Fluid Phase Equilibria},
keywords = {Azeotropic point,Ethanol/water,Excess Gibbs energy models,Excess enthalpy,Experimental data,Vapor-liquid equilibrium},
mendeley-groups = {EtOH{\_}H2O},
month = {sep},
number = {1-2},
pages = {135--141},
publisher = {Elsevier B.V.},
title = {{Measurements and thermodynamic modeling of the ethanol--water system with emphasis to the azeotropic region}},
volume = {308},
year = {2011}
}

